<record><leader>00000cas a2200000 a 4500</leader><controlfield tag="001">5422139</controlfield><controlfield tag="008">790925c19739999njuwr ne      0   a0eng d</controlfield><controlfield tag="009">467</controlfield><datafield ind1=" " ind2=" " tag="010"><subfield code="a">sn 79008620 </subfield></datafield><datafield ind1=" " ind2=" " tag="040"><subfield code="a">NSD</subfield><subfield code="b">eng</subfield><subfield code="c">NSD</subfield><subfield code="d">NPA</subfield><subfield code="d">NJW</subfield><subfield code="d">OCL</subfield><subfield code="d">OCLCQ</subfield></datafield><datafield ind1=" " ind2=" " tag="012"><subfield code="k">1</subfield><subfield code="m">d</subfield></datafield><datafield ind1="1" ind2=" " tag="022"><subfield code="a">0194-3537</subfield><subfield code="l">0194-3537</subfield><subfield code="2">1</subfield></datafield><datafield ind1=" " ind2=" " tag="042"><subfield code="a">nsdp</subfield></datafield><datafield ind1="0" ind2=" " tag="130"><subfield code="a">Sentinel (East Brunswick, N.J. : 1973)</subfield></datafield><datafield ind1=" " ind2="0" tag="222"><subfield code="a">Sentinel</subfield><subfield code="b">(East Brunswick]</subfield></datafield><datafield ind1="0" ind2="0" tag="245"><subfield code="a">Sentinel.</subfield></datafield><datafield ind1=" " ind2=" " tag="260"><subfield code="a">East Brunswick, N.J. :</subfield><subfield code="b">Sentinel Pub. Co.,</subfield><subfield code="c">1973-</subfield></datafield><datafield ind1=" " ind2=" " tag="300"><subfield code="a">v. :</subfield><subfield code="b">ill.</subfield></datafield><datafield ind1=" " ind2=" " tag="310"><subfield code="a">Weekly</subfield></datafield><datafield ind1="0" ind2=" " tag="362"><subfield code="a">Vol. 54, [no.] 9 (Feb. 28, 1973)-</subfield></datafield><datafield ind1=" " ind2=" " tag="500"><subfield code="a">"Now serving Middlesex County's growth communities - South River, East Brunswick, Spotswood, Jamesburg, North Brunswick, Milltown."</subfield></datafield><datafield ind1=" " ind2=" " tag="500"><subfield code="a">"Serving central and southern Middlesex County, N.J."</subfield></datafield><datafield ind1=" " ind2=" " tag="530"><subfield code="a">Also issued on microfilm by Norton Micro Images; Rutgers University Library; Micro-Graphic Corp., Garfield, N.J.; New Jersey State Library, Dept. of Education.</subfield></datafield><datafield ind1=" " ind2=" " tag="752"><subfield code="a">United States</subfield><subfield code="b">New Jersey</subfield><subfield code="c">Middlesex</subfield><subfield code="d">East Brunswick.</subfield></datafield><datafield ind1=" " ind2=" " tag="752"><subfield code="a">United States</subfield><subfield code="b">New Jersey</subfield><subfield code="c">Middlesex</subfield><subfield code="d">South River.</subfield></datafield><datafield ind1=" " ind2=" " tag="752"><subfield code="a">United States</subfield><subfield code="b">New Jersey</subfield><subfield code="c">Middlesex</subfield><subfield code="d">Spotswood.</subfield></datafield><datafield ind1=" " ind2=" " tag="752"><subfield code="a">United States</subfield><subfield code="b">New Jersey</subfield><subfield code="c">Middlesex</subfield><subfield code="d">Jamesburg.</subfield></datafield><datafield ind1=" " ind2=" " tag="752"><subfield code="a">United States</subfield><subfield code="b">New Jersey</subfield><subfield code="c">Middlesex</subfield><subfield code="d">North Brunswick.</subfield></datafield><datafield ind1=" " ind2=" " tag="752"><subfield code="a">United States</subfield><subfield code="b">New Jersey</subfield><subfield code="c">Middlesex</subfield><subfield code="d">Milltown.</subfield></datafield><datafield ind1="0" ind2="0" tag="780"><subfield code="t">Sentinel spokesman</subfield><subfield code="w">(DLC)sn 86077167</subfield><subfield code="w">(OCoLC)13640299</subfield></datafield><datafield ind1=" " ind2=" " tag="936"><subfield code="a">Apr. 11, 1979</subfield></datafield></record>